<?xml version="1.0" encoding="UTF-8"?>
<SOAP-ENV:Envelope xmlns:SOAP-ENV="http://schemas.xmlsoap.org/soap/envelope/" xmlns:of="http://oss.dbc.dk/ns/openformat" xmlns:ofo="http://oss.dbc.dk/ns/openformatoutput"><SOAP-ENV:Body><of:formatResponse><marc21><mx:record xmlns:mx="http://www.loc.gov/MARC21/slim" format="MARC21" type="Bibliographic"><mx:leader>00000ngm a22000000c 4500</mx:leader><mx:controlfield tag="007">vd||s||||</mx:controlfield><mx:controlfield tag="008">110221s2010    sw ||||| |||| ||||||mul|d</mx:controlfield><mx:datafield ind1=" " ind2=" " tag="020"><mx:subfield code="a">(Brugsretskategori: C+)</mx:subfield></mx:datafield><mx:datafield ind1="8" ind2=" " tag="024"><mx:subfield code="a">5050582777390</mx:subfield></mx:datafield><mx:datafield ind1="1" ind2=" " tag="029"><mx:subfield code="a">DKDLA</mx:subfield><mx:subfield code="b">870970-basis:28663412</mx:subfield></mx:datafield><mx:datafield ind1=" " ind2=" " tag="040"><mx:subfield code="a">DKDLA</mx:subfield><mx:subfield code="b">dan</mx:subfield><mx:subfield code="c">DKDLA</mx:subfield></mx:datafield><mx:datafield ind1="1" ind2=" " tag="041"><mx:subfield code="a">eng</mx:subfield><mx:subfield code="a">jpn</mx:subfield><mx:subfield code="a">fre</mx:subfield><mx:subfield code="a">ita</mx:subfield><mx:subfield code="a">ger</mx:subfield><mx:subfield code="a">spa</mx:subfield><mx:subfield code="j">jpn</mx:subfield><mx:subfield code="j">eng</mx:subfield><mx:subfield code="j">fre</mx:subfield><mx:subfield code="j">ita</mx:subfield><mx:subfield code="j">ger</mx:subfield><mx:subfield code="j">spa</mx:subfield><mx:subfield code="j">dut</mx:subfield><mx:subfield code="j">chi</mx:subfield><mx:subfield code="j">dan</mx:subfield><mx:subfield code="j">fin</mx:subfield><mx:subfield code="j">gre</mx:subfield><mx:subfield code="j">kor</mx:subfield><mx:subfield code="j">nor</mx:subfield><mx:subfield code="j">por</mx:subfield><mx:subfield code="j">swe</mx:subfield></mx:datafield><mx:datafield ind1=" " ind2=" " tag="084"><mx:subfield code="a">77.7</mx:subfield><mx:subfield code="2">z</mx:subfield></mx:datafield><mx:datafield ind1="1" ind2="0" tag="245"><mx:subfield code="a">Out of Africa</mx:subfield><mx:subfield code="h">[videooptagelse]/</mx:subfield><mx:subfield code="c">director of photography David Watkin ; based upon the following "Out of Africa" and other writings by Isak Dinesen, Isak Dinesen the life of a storyteller by Judith Thurman, "Silence will speak" by Errol Trzebinski ; screenplay by Kurt Luedtke ; produced and directed by Sydney Pollack</mx:subfield></mx:datafield><mx:datafield ind1=" " ind2=" " tag="260"><mx:subfield code="a">[Solna] :</mx:subfield><mx:subfield code="b">Universal Pictures Nordic,</mx:subfield><mx:subfield code="c">2010</mx:subfield></mx:datafield><mx:datafield ind1=" " ind2=" " tag="300"><mx:subfield code="a">1 blu-ray disc (blu-ray) (ca. 2 t., 41 min.)</mx:subfield></mx:datafield><mx:datafield ind1="2" ind2=" " tag="505"><mx:subfield code="a">Af indholdet: Extras</mx:subfield></mx:datafield><mx:datafield ind1="1" ind2="7" tag="600"><mx:subfield code="a">Blixen, Karen</mx:subfield><mx:subfield code="2">z</mx:subfield></mx:datafield><mx:datafield ind1="1" ind2=" " tag="700"><mx:subfield code="a">Watkin, David,</mx:subfield><mx:subfield code="d">f. 1925</mx:subfield></mx:datafield><mx:datafield ind1="1" ind2=" " tag="700"><mx:subfield code="a">Blixen, Karen</mx:subfield></mx:datafield><mx:datafield ind1="1" ind2=" " tag="700"><mx:subfield code="a">Luedtke, Kurt</mx:subfield></mx:datafield><mx:datafield ind1="1" ind2=" " tag="700"><mx:subfield code="a">Pollack, Sydney</mx:subfield></mx:datafield><mx:datafield ind1=" " ind2=" " tag="901"><mx:subfield code="a">791</mx:subfield></mx:datafield></mx:record><hs activity="insert">DKDLA</hs><hs activity="insert">DKB</hs></marc21></of:formatResponse></SOAP-ENV:Body></SOAP-ENV:Envelope>
